@misc{typescript-eslint,
  key = {typescript-eslint},
  title = {{Typescript-eslint github repository}},
  howpublished = {\url{https://github.com/typescript-eslint/typescript-eslint/tree/main/packages/ast-spec/src}},
}
